<record><leader>00000cas a22000007a 4500</leader><controlfield tag="001">37456456</controlfield><controlfield tag="008">970812d19291949tnuwr ne      0    0eng d</controlfield><datafield ind1=" " ind2=" " tag="010"><subfield code="a">sn 97065148 </subfield></datafield><datafield ind1=" " ind2=" " tag="040"><subfield code="a">TGN</subfield><subfield code="b">eng</subfield><subfield code="c">TGN</subfield><subfield code="d">OCLCQ</subfield><subfield code="d">OCLCF</subfield><subfield code="d">OCLCO</subfield></datafield><datafield ind1="1" ind2=" " tag="029"><subfield code="a">AU@</subfield><subfield code="b">000013434850</subfield></datafield><datafield ind1=" " ind2=" " tag="042"><subfield code="a">msc</subfield></datafield><datafield ind1=" " ind2=" " tag="043"><subfield code="a">n-us-tn</subfield></datafield><datafield ind1="0" ind2=" " tag="130"><subfield code="a">Houston County times (Erin, Tenn.)</subfield></datafield><datafield ind1="1" ind2="4" tag="245"><subfield code="a">The Houston County times.</subfield></datafield><datafield ind1=" " ind2=" " tag="260"><subfield code="a">Erin, Tenn. :</subfield><subfield code="b">W.S. Vinson</subfield></datafield><datafield ind1=" " ind2=" " tag="300"><subfield code="a">v.</subfield></datafield><datafield ind1=" " ind2=" " tag="310"><subfield code="a">Weekly</subfield></datafield><datafield ind1="1" ind2=" " tag="362"><subfield code="a">Began with June 7, 1929 issue; ceased in June 1949.</subfield></datafield><datafield ind1=" " ind2=" " tag="500"><subfield code="a">Publishers: W.S. Vinson, &lt;1929&gt;; Winnie Vinson, &lt;1944-1946&gt;</subfield></datafield><datafield ind1=" " ind2=" " tag="500"><subfield code="a">Editors: W.S. Vinson, &lt;1929&gt;; Winnie Vinson, &lt;1944&gt;; Frank W. Vinson, &lt;1945-1946&gt;</subfield></datafield><datafield ind1=" " ind2=" " tag="580"><subfield code="a">Merged with: Stewart County times, to form: Stewart-Houston times.</subfield></datafield><datafield ind1=" " ind2=" " tag="588"><subfield code="a">Description based on: Vol. 1, no. 2 (June 14, 1929).</subfield></datafield><datafield ind1=" " ind2="0" tag="651"><subfield code="a">Erin (Tenn.)</subfield><subfield code="v">Newspapers.</subfield></datafield><datafield ind1=" " ind2="0" tag="651"><subfield code="a">Houston County (Tenn.)</subfield><subfield code="v">Newspapers.</subfield></datafield><datafield ind1=" " ind2="7" tag="655"><subfield code="a">Newspapers.</subfield><subfield code="2">fast</subfield><subfield code="0">(OCoLC)fst01423814</subfield></datafield><datafield ind1=" " ind2="7" tag="651"><subfield code="a">Tennessee</subfield><subfield code="z">Erin.</subfield><subfield code="2">fast</subfield><subfield code="0">(OCoLC)fst01227068</subfield></datafield><datafield ind1=" " ind2="7" tag="651"><subfield code="a">Tennessee</subfield><subfield code="z">Houston County.</subfield><subfield code="2">fast</subfield><subfield code="0">(OCoLC)fst01266435</subfield></datafield><datafield ind1=" " ind2=" " tag="752"><subfield code="a">United States</subfield><subfield code="b">Tennessee</subfield><subfield code="c">Houston</subfield><subfield code="d">Erin.</subfield></datafield><datafield ind1="1" ind2="7" tag="785"><subfield code="t">Stewart County times</subfield><subfield code="w">(DLC)sn 89058067</subfield></datafield><datafield ind1="1" ind2="7" tag="785"><subfield code="t">Stewart-Houston times</subfield><subfield code="w">(DLC)sn 89058066</subfield></datafield></record>